@Manual{R-base,
  title = {R: A Language and Environment for Statistical Computing},
  author = {{R Core Team}},
  organization = {R Foundation for Statistical Computing},
  address = {Vienna, Austria},
  year = {2024},
  url = {https://www.R-project.org/},
}

@Manual{R-bookdown,
  title = {bookdown: Authoring Books and Technical Documents with R Markdown},
  author = {Yihui Xie},
  year = {2024},
  note = {R package version 0.40},
  url = {https://github.com/rstudio/bookdown},
}

@Manual{R-broom,
  title = {broom: Convert Statistical Objects into Tidy Tibbles},
  author = {David Robinson and Alex Hayes and Simon Couch},
  year = {2024},
  note = {R package version 1.0.6},
  url = {https://broom.tidymodels.org/},
}

@Manual{R-cowplot,
  title = {cowplot: Streamlined Plot Theme and Plot Annotations for ggplot2},
  author = {Claus O. Wilke},
  year = {2024},
  note = {R package version 1.1.3},
  url = {https://wilkelab.org/cowplot/},
}

@Manual{R-ggplot2,
  title = {ggplot2: Create Elegant Data Visualisations Using the Grammar of Graphics},
  author = {Hadley Wickham and Winston Chang and Lionel Henry and Thomas Lin Pedersen and Kohske Takahashi and Claus Wilke and Kara Woo and Hiroaki Yutani and Dewey Dunnington and Teun {van den Brand}},
  year = {2024},
  note = {R package version 3.5.1},
  url = {https://ggplot2.tidyverse.org},
}

@Manual{R-gridExtra,
  title = {gridExtra: Miscellaneous Functions for "Grid" Graphics},
  author = {Baptiste Auguie},
  year = {2017},
  note = {R package version 2.3},
  url = {https://CRAN.R-project.org/package=gridExtra},
}

@Manual{R-knitr,
  title = {knitr: A General-Purpose Package for Dynamic Report Generation in R},
  author = {Yihui Xie},
  year = {2024},
  note = {R package version 1.48},
  url = {https://yihui.org/knitr/},
}

@Manual{R-mvtnorm,
  title = {mvtnorm: Multivariate Normal and t Distributions},
  author = {Alan Genz and Frank Bretz and Tetsuhisa Miwa and Xuefei Mi and Torsten Hothorn},
  year = {2024},
  note = {R package version 1.3-1},
  url = {http://mvtnorm.R-forge.R-project.org},
}

@Manual{R-plotly,
  title = {plotly: Create Interactive Web Graphics via plotly.js},
  author = {Carson Sievert and Chris Parmer and Toby Hocking and Scott Chamberlain and Karthik Ram and Marianne Corvellec and Pedro Despouy},
  year = {2024},
  note = {R package version 4.10.4},
  url = {https://plotly-r.com},
}

@Manual{R-reticulate,
  title = {reticulate: Interface to Python},
  author = {Kevin Ushey and JJ Allaire and Yuan Tang},
  year = {2024},
  note = {R package version 1.38.0},
  url = {https://rstudio.github.io/reticulate/},
}

@Manual{R-rmarkdown,
  title = {rmarkdown: Dynamic Documents for R},
  author = {JJ Allaire and Yihui Xie and Christophe Dervieux and Jonathan McPherson and Javier Luraschi and Kevin Ushey and Aron Atkins and Hadley Wickham and Joe Cheng and Winston Chang and Richard Iannone},
  year = {2024},
  note = {R package version 2.28},
  url = {https://github.com/rstudio/rmarkdown},
}

@Manual{R-showtext,
  title = {showtext: Using Fonts More Easily in R Graphs},
  author = {Yixuan Qiu and authors/contributors of the included software. See file AUTHORS for details.},
  year = {2024},
  note = {R package version 0.9-7},
  url = {https://github.com/yixuan/showtext},
}

@Manual{R-showtextdb,
  title = {showtextdb: Font Files for the showtext Package},
  author = {Yixuan Qiu and authors/contributors of the included fonts. See file AUTHORS for details.},
  year = {2020},
  note = {R package version 3.0},
  url = {https://CRAN.R-project.org/package=showtextdb},
}

@Manual{R-sysfonts,
  title = {sysfonts: Loading Fonts into R},
  author = {Yixuan Qiu and authors/contributors of the included fonts. See file AUTHORS for details.},
  year = {2024},
  note = {R package version 0.8.9},
  url = {https://github.com/yixuan/sysfonts},
}

@Manual{R-tibble,
  title = {tibble: Simple Data Frames},
  author = {Kirill MÃ¼ller and Hadley Wickham},
  year = {2023},
  note = {R package version 3.2.1},
  url = {https://tibble.tidyverse.org/},
}

@Manual{R-tidyr,
  title = {tidyr: Tidy Messy Data},
  author = {Hadley Wickham and Davis Vaughan and Maximilian Girlich},
  year = {2024},
  note = {R package version 1.3.1},
  url = {https://tidyr.tidyverse.org},
}

@Book{bookdown2016,
  title = {bookdown: Authoring Books and Technical Documents with {R} Markdown},
  author = {Yihui Xie},
  publisher = {Chapman and Hall/CRC},
  address = {Boca Raton, Florida},
  year = {2016},
  isbn = {978-1138700109},
  url = {https://bookdown.org/yihui/bookdown},
}

@Book{ggplot22016,
  author = {Hadley Wickham},
  title = {ggplot2: Elegant Graphics for Data Analysis},
  publisher = {Springer-Verlag New York},
  year = {2016},
  isbn = {978-3-319-24277-4},
  url = {https://ggplot2.tidyverse.org},
}

@Book{knitr2015,
  title = {Dynamic Documents with {R} and knitr},
  author = {Yihui Xie},
  publisher = {Chapman and Hall/CRC},
  address = {Boca Raton, Florida},
  year = {2015},
  edition = {2nd},
  note = {ISBN 978-1498716963},
  url = {https://yihui.org/knitr/},
}

@InCollection{knitr2014,
  booktitle = {Implementing Reproducible Computational Research},
  editor = {Victoria Stodden and Friedrich Leisch and Roger D. Peng},
  title = {knitr: A Comprehensive Tool for Reproducible Research in {R}},
  author = {Yihui Xie},
  publisher = {Chapman and Hall/CRC},
  year = {2014},
  note = {ISBN 978-1466561595},
}

@Book{mvtnorm2009,
  title = {Computation of Multivariate Normal and t Probabilities},
  author = {Alan Genz and Frank Bretz},
  series = {Lecture Notes in Statistics},
  year = {2009},
  publisher = {Springer-Verlag},
  address = {Heidelberg},
  isbn = {978-3-642-01688-2},
}

@Book{plotly2020,
  author = {Carson Sievert},
  title = {Interactive Web-Based Data Visualization with R, plotly, and shiny},
  publisher = {Chapman and Hall/CRC},
  year = {2020},
  isbn = {9781138331457},
  url = {https://plotly-r.com},
}

@Book{rmarkdown2018,
  title = {R Markdown: The Definitive Guide},
  author = {Yihui Xie and J.J. Allaire and Garrett Grolemund},
  publisher = {Chapman and Hall/CRC},
  address = {Boca Raton, Florida},
  year = {2018},
  isbn = {9781138359338},
  url = {https://bookdown.org/yihui/rmarkdown},
}

@Book{rmarkdown2020,
  title = {R Markdown Cookbook},
  author = {Yihui Xie and Christophe Dervieux and Emily Riederer},
  publisher = {Chapman and Hall/CRC},
  address = {Boca Raton, Florida},
  year = {2020},
  isbn = {9780367563837},
  url = {https://bookdown.org/yihui/rmarkdown-cookbook},
}

