@data{DVN/WBO7LK_2020,
author = {Center for Healthy Aging and Development Studies},
publisher = {Peking University Open Research Data Platform},
title = "{The Chinese Longitudinal Healthy Longevity Survey (CLHLS)-Longitudinal Data（1998-2018）}",
year = {2020},
version = {DRAFT VERSION},
doi = {10.18170/DVN/WBO7LK},
url = {https://doi.org/10.18170/DVN/WBO7LK}}